% This file was created with JabRef 2.6.
% Encoding: UTF-8

@ARTICLE{base_article,
  author = {A.N. Grishkov
	
	F. Marko
	
	A.N. Zubkov},
  title = {Description of costandard modules for Schur superalgebra S(2|1) in
	positive characteristic},
  journal = {Linear and Multilinear Algebra},
  year = {2010},
  volume = {59},
  pages = {57-64},
  month = {April},
  owner = {zzi},
  timestamp = {2011.06.15}
}

@comment{jabref-meta: selector_publisher:}

@comment{jabref-meta: selector_author:}

@comment{jabref-meta: selector_journal:}

@comment{jabref-meta: selector_keywords:}

